@book{wilkinson2012grammar,
  title = {The Grammar of Graphics},
  author = {Wilkinson, Leland},
  year = {2012},
  publisher = {Springer},
}

@article{wickhamLayeredGrammarGraphics2010,
  title = {A {{Layered Grammar}} of {{Graphics}}},
  author = {Wickham, Hadley},
  year = {2010},
  month = jan,
  journal = {Journal of Computational and Graphical Statistics},
  volume = {19},
  number = {1},
  pages = {3--28},
}

@book{clevelandVisualizingData1993,
  title = {Visualizing Data},
  author = {Cleveland, William S.},
  date = {1993},
  publisher = {At\&T Bell Laboratories ; Published by Hobart Press},
  location = {Murray Hill, N.J. : [Summit, N.JclevelandVisualizingData1993},
  pagetotal = {360},
}

@article{wilk1968probability,
  title = {Probability plotting methods for the analysis of data},
  author = {Wilk, Martin B and Gnanadesikan, Ram},
  journal = {Biometrika},
  volume = {55},
  number = {1},
  pages = {1--17},
  year = {1968},
  publisher = {Oxford University Press},
}
