@book{ware2010,
  title = {Visual Thinking for Design},
  author = {Ware, Colin},
  year = {2010},
  publisher = {Elsevier},
}

@article{anscombe1973,
  title = {Graphs in Statistical Analysis},
  journal = {American Statistician},
  year = {1973},
  volume = {27},
  issue = {February},
  pages = {17-21},
}

@book{cairo2012,
  title = {The Functional Art: An Introduction to Information Graphics and
           Visualization},
  author = {Cairo, Alberto},
  year = {2012},
  publisher = {New Riders},
}

@book{tufte2001,
  title = {The Visual Display of Quantitative Information},
  edition = {Second edition},
  year = {2001},
  publisher = {Graphics Press LLC},
}

